
%%---------------------------------------------------------------%%
%                                                                 %
%  Fichier pour l'ajout de toutes les bibliographes à utiliser    %
%                                                                 %
%%---------------------------------------------------------------%%

%
% Liste des bibliographies
%

 

%
% Citer par avance toutes les sources
%
%\usepackage{filecontents}

%\begin{filecontents}{biblio}
@MISC{Borchers.B:,
title ={{CSDP}, a {C} library for semidefinite programming},
author = {B. Borchers},
journal = {Optimization Methods \& Software},
volume = {11-1},
number = {1-4},
pages = {613 -- 623},
year = {1999},
HOWPUBLISHED = "\url{http://euler.nmt.edu/~brian/csdppaper.pdf}"

}



@article{HelmbergC:Anims,
title = "An interior-point method for semidefinite programming",
author = "C. Helmberg and F. Rendl and R. J. Vanderbei and H. Wolkowicz",
journal = "{SIAM} Journal on Optimization",
volume = "6",
number = "2",
pages = "342 -- 361",
month = "May",
year = "1996",
}


@techreport{cdd/cddplus,
	author="Komei Fukuda",
	title="{cddlib} (cdd and cddplus) Manuel - ver. 0.94",
	institution="Institute for Operations Research and Institute of      Theoretical Computer ScienceETH Zentrum",
	year="2008",
	notes="manual ver. February 7"}




@techreport{SDPA,
	author="K. Fujisawa and M. Kojima and K. Nakata and M. Yamashita",
	title="{SDPA} (semidefinite programming algorithm) users manual - version 6.00",
	number="B--308",
	institution="Tokyo Institute of Technology",
	year="1995",
	notes="Revised July 2002"}


@article{borchers2007implementation,
	title={Implementation of a primal--dual method for SDP on a shared memory parallel architecture},
	author={Borchers, B. and Young, J. G.},
	journal={Computational Optimization and Applications},
	volume={37},
	number={3},
	pages={355-369},
	year={2007},
	publisher={Springer}}


@book{H.Golub,
    author    = "Gene H.Golub, Charles F. Van Loan",
    title     = "Matrix Computations",
    year      = "Third Edition 1996",
    publisher = "Printed in the United States of Americas on acid-free paper, Library of Congress Cataloging(British Library)",
    address   = "The Johns hopkins University Press, 25 North Charles Street Baltimore Maryland 21218-4319 London, Massachusetts"
}

@techreport{M.goodrich,
	author="M. T. Goodrich and R. Tamassia",
	title="Algorithm Design and Applications",
	institution="University of California,International Computer Science Institute",
	year="2015"
    }


@techreport{Ren-Cang,
	author="Ren-Cang Li.",
	title="{Rayleigh Quotient Based Optimization Methods
For Eigenvalue Problems},Published online: 07 Jun 2013 ",
	number="33(4):1075–1100",
	year="2013",
	notes="November 13, 2013"}
	
	
	

\end{center}
	
%	\end{filecontents}

%\usepackage{biblatex}
%\addbibresource{biblio}

 %\nocite{*}

%%% Local Variables:
%%% mode: latex
%%% TeX-master: "../Template"
%%% End: